
@misc{war_BR ,
author = {Baseball Reference},
title = {Pitcher WAR Calculations and Details}, 
howpublished = {\url{https://www.baseball-reference.com/about/war_explained_pitch.shtml} (2011/03/03)} }


@misc{war_FG ,
author = {Piper Slowinski. Fangraphs},
title = {WAR for Pitchers}, 
howpublished = {\url{https://library.fangraphs.com/war/calculating-war-pitchers/}} }

@misc{war_arb ,
author = {Dayn Perry},
title = {MLB proposes determining arbitration salaries by using the WAR statistic, per report}, 
howpublished = {\url{https://www.cbssports.com/mlb/news/mlb-proposes-determining-arbitration-salaries-by-using-the-war-statistic-per-report/} (2021/11/11)} }
